
@article{constantin_saturation_2009,
	title = {Saturation of two-level systems and charge noise in Josephson junction qubits},
	volume = {79},
	issn = {1098-0121, 1550-{235X}},
	url = {http://link.aps.org/doi/10.1103/PhysRevB.79.094520},
	doi = {10.1103/PhysRevB.79.094520},
	number = {9},
	urldate = {2013-12-17},
	journal = {Physical Review B},
	author = {Constantin, Magdalena and Yu, Clare and Martinis, John},
	month = mar,
	year = {2009},
	file = {PhysRevB.79.094520.pdf:C:\Users\John\AppData\Roaming\Zotero\Zotero\Profiles\caeisgxx.default\zotero\storage\4CIAG3G8\PhysRevB.79.094520.pdf:application/pdf}
},

@article{gao_semiempirical_2008,
	title = {A semiempirical model for two-level system noise in superconducting microresonators},
	volume = {92},
	issn = {00036951},
	url = {http://link.aip.org/link/APPLAB/v92/i21/p212504/s1&Agg=doi},
	doi = {10.1063/1.2937855},
	number = {21},
	urldate = {2013-12-17},
	journal = {Applied Physics Letters},
	author = {Gao, Jiansong and Daal, Miguel and Martinis, John M. and Vayonakis, Anastasios and Zmuidzinas, Jonas and Sadoulet, Bernard and Mazin, Benjamin A. and Day, Peter K. and Leduc, Henry G.},
	year = {2008},
	pages = {212504},
	file = {1.2937855.pdf:C:\Users\John\AppData\Roaming\Zotero\Zotero\Profiles\caeisgxx.default\zotero\storage\DMIEHKNS\1.2937855.pdf:application/pdf}
},

@article{grabovskij_strain_2012,
	title = {Strain Tuning of Individual Atomic Tunneling Systems Detected by a Superconducting Qubit},
	volume = {338},
	issn = {0036-8075, 1095-9203},
	url = {http://www.sciencemag.org/cgi/doi/10.1126/science.1226487},
	doi = {10.1126/science.1226487},
	number = {6104},
	urldate = {2013-12-17},
	journal = {Science},
	author = {Grabovskij, G. J. and Peichl, T. and Lisenfeld, J. and Weiss, G. and Ustinov, A. V.},
	month = oct,
	year = {2012},
	pages = {232--234},
	file = {1226487.Grabovskij.SM.pdf:C:\Users\John\AppData\Roaming\Zotero\Zotero\Profiles\caeisgxx.default\zotero\storage\EXBVSNKJ\1226487.Grabovskij.SM.pdf:application/pdf}
},

@article{lisenfeld_temperature_2007,
	title = {Temperature Dependence of Coherent Oscillations in Josephson Phase Qubits},
	volume = {99},
	issn = {0031-9007, 1079-7114},
	url = {http://link.aps.org/doi/10.1103/PhysRevLett.99.170504},
	doi = {10.1103/PhysRevLett.99.170504},
	number = {17},
	urldate = {2013-12-17},
	journal = {Physical Review Letters},
	author = {Lisenfeld, J. and Lukashenko, A. and Ansmann, M. and Martinis, J. and Ustinov, A.},
	month = oct,
	year = {2007},
	file = {PhysRevLett.99.170504.pdf:C:\Users\John\AppData\Roaming\Zotero\Zotero\Profiles\caeisgxx.default\zotero\storage\2TGX6NFX\PhysRevLett.99.170504.pdf:application/pdf}
},

@article{lupascu_one-and_2009,
	title = {One-and two-photon spectroscopy of a flux qubit coupled to a microscopic defect},
	volume = {80},
	url = {http://prb.aps.org/abstract/PRB/v80/i17/e172506},
	number = {17},
	urldate = {2013-12-17},
	journal = {Physical Review B},
	author = {Lupascu, A. and Bertet, Patrice and Driessen, E. F. C. and Harmans, {CJPM} and Mooij, J. E.},
	year = {2009},
	pages = {172506},
	file = {0810.0590.pdf:C:\Users\John\AppData\Roaming\Zotero\Zotero\Profiles\caeisgxx.default\zotero\storage\3XD86WHB\0810.0590.pdf:application/pdf}
},

@article{martinis_decoherence_2005,
	title = {Decoherence in Josephson Qubits from Dielectric Loss},
	volume = {95},
	issn = {0031-9007, 1079-7114},
	url = {http://link.aps.org/doi/10.1103/PhysRevLett.95.210503},
	doi = {10.1103/PhysRevLett.95.210503},
	number = {21},
	urldate = {2013-12-17},
	journal = {Physical Review Letters},
	author = {Martinis, John and Cooper, K. and {McDermott}, R. and Steffen, Matthias and Ansmann, Markus and Osborn, K. and Cicak, K. and Oh, Seongshik and Pappas, D. and Simmonds, R. and Yu, Clare},
	month = nov,
	year = {2005},
	file = {PhysRevLett.95.210503.pdf:C:\Users\John\AppData\Roaming\Zotero\Zotero\Profiles\caeisgxx.default\zotero\storage\SF8BHRTI\PhysRevLett.95.210503.pdf:application/pdf}
},

@article{megrant_planar_2012,
	title = {Planar superconducting resonators with internal quality factors above one million},
	volume = {100},
	url = {http://ieeexplore.ieee.org/xpls/abs_all.jsp?arnumber=6170833},
	number = {11},
	urldate = {2013-12-17},
	journal = {Applied Physics Letters},
	author = {Megrant, A. and Neill, C. and Barends, R. and Chiaro, B. and Chen, Yu and Feigl, L. and Kelly, J. and Lucero, Erik and Mariantoni, Matteo and {OMalley}, P. J. J.},
	year = {2012},
	pages = {113510–113510},
	file = {Megrant2012.pdf:C:\Users\John\AppData\Roaming\Zotero\Zotero\Profiles\caeisgxx.default\zotero\storage\B5UXVGNB\Megrant2012.pdf:application/pdf}
},

@article{neeley_process_2008,
	title = {Process tomography of quantum memory in a Josephson-phase qubit coupled to a two-level state},
	volume = {4},
	issn = {1745-2473, 1745-2481},
	url = {http://www.nature.com/doifinder/10.1038/nphys972},
	doi = {10.1038/nphys972},
	number = {7},
	urldate = {2013-12-17},
	journal = {Nature Physics},
	author = {Neeley, Matthew and Ansmann, M. and Bialczak, Radoslaw C. and Hofheinz, M. and Katz, N. and Lucero, Erik and {O’Connell}, A. and Wang, H. and Cleland, A. N. and Martinis, John M.},
	month = apr,
	year = {2008},
	pages = {523--526},
	file = {nphys972.pdf:C:\Users\John\AppData\Roaming\Zotero\Zotero\Profiles\caeisgxx.default\zotero\storage\3JMCM9CM\nphys972.pdf:application/pdf}
},

@article{oconnell_microwave_2008,
	title = {Microwave dielectric loss at single photon energies and millikelvin temperatures},
	volume = {92},
	issn = {00036951},
	url = {http://link.aip.org/link/APPLAB/v92/i11/p112903/s1&Agg=doi},
	doi = {10.1063/1.2898887},
	number = {11},
	urldate = {2013-12-17},
	journal = {Applied Physics Letters},
	author = {{O’Connell}, Aaron D. and Ansmann, M. and Bialczak, R. C. and Hofheinz, M. and Katz, N. and Lucero, Erik and {McKenney}, C. and Neeley, M. and Wang, H. and Weig, E. M. and Cleland, A. N. and Martinis, J. M.},
	year = {2008},
	pages = {112903},
	file = {1.2898887.pdf:C:\Users\John\AppData\Roaming\Zotero\Zotero\Profiles\caeisgxx.default\zotero\storage\CNQKJIDC\1.2898887.pdf:application/pdf}
},

@article{phillips_two-level_1987,
	title = {Two-level states in glasses},
	volume = {50},
	url = {http://stacks.iop.org/0034-4885/50/i=12/a=003},
	abstract = {This review covers a wide range of experimental and theoretical studies of two-level or tunnelling states in glasses. Emphasis is on fundamental physics rather than a detailed comparison of experiment and theory. Sections cover the static and dynamic properties of tunnelling states, their contribution to thermal properties and their response to weak and strong electric and acoustic fields, both steady state and pulsed. A section on metallic glasses focuses on the importance of electron tunnelling-state interactions, and a final section illustrates approaches to a microscopic description by means of selected examples.},
	number = {12},
	journal = {Reports on Progress in Physics},
	author = {Phillips, W. A.},
	year = {1987},
	pages = {1657}
},

@article{sage_study_2011,
	title = {Study of loss in superconducting coplanar waveguide resonators},
	volume = {109},
	issn = {00218979},
	url = {http://link.aip.org/link/JAPIAU/v109/i6/p063915/s1&Agg=doi},
	doi = {10.1063/1.3552890},
	number = {6},
	urldate = {2013-12-17},
	journal = {Journal of Applied Physics},
	author = {Sage, Jeremy M. and Bolkhovsky, Vladimir and Oliver, William D. and Turek, Benjamin and Welander, Paul B.},
	year = {2011},
	pages = {063915},
	file = {1.3552890.pdf:C:\Users\John\AppData\Roaming\Zotero\Zotero\Profiles\caeisgxx.default\zotero\storage\JCCJCC35\1.3552890.pdf:application/pdf}
},

@article{senitzky_dissipation_1963,
	title = {Dissipation in quantum mechanics. The two-level system},
	volume = {131},
	url = {http://prola.aps.org/abstract/PR/v131/i6/p2827_1},
	number = {6},
	urldate = {2013-12-17},
	journal = {Physical Review},
	author = {Senitzky, I. R.},
	year = {1963},
	pages = {2827},
	file = {PhysRev.131.2827.pdf:C:\Users\John\AppData\Roaming\Zotero\Zotero\Profiles\caeisgxx.default\zotero\storage\KBT9TW4T\PhysRev.131.2827.pdf:application/pdf}
},

@article{senitzky_dissipation_1964,
	title = {Dissipation in Quantum Mechanics. Two-Level System. {II}},
	volume = {134},
	url = {http://prola.aps.org/abstract/PR/v134/i4A/pA816_1},
	number = {{4A}},
	urldate = {2013-12-17},
	journal = {Physical Review},
	author = {Senitzky, I. R.},
	year = {1964},
	pages = {A816},
	file = {PhysRev.134.A816.pdf:C:\Users\John\AppData\Roaming\Zotero\Zotero\Profiles\caeisgxx.default\zotero\storage\RC28D7J5\PhysRev.134.A816.pdf:application/pdf}
},

@article{senitzky_dissipation_1965,
	title = {Dissipation in Quantum Mechanics. Two-Level System. {III}},
	volume = {137},
	url = {http://prola.aps.org/abstract/PR/v137/i6A/pA1635_1},
	number = {{6A}},
	urldate = {2013-12-17},
	journal = {Physical Review},
	author = {Senitzky, I. R.},
	year = {1965},
	pages = {A1635},
	file = {PhysRev.137.A1635.pdf:C:\Users\John\AppData\Roaming\Zotero\Zotero\Profiles\caeisgxx.default\zotero\storage\BTWF89R6\PhysRev.137.A1635.pdf:application/pdf}
},

@article{shalibo_lifetime_2010,
	title = {Lifetime and Coherence of Two-Level Defects in a Josephson Junction},
	volume = {105},
	issn = {0031-9007, 1079-7114},
	url = {http://link.aps.org/doi/10.1103/PhysRevLett.105.177001},
	doi = {10.1103/PhysRevLett.105.177001},
	number = {17},
	urldate = {2013-12-17},
	journal = {Physical Review Letters},
	author = {Shalibo, Yoni and Rofe, Ya’ara and Shwa, David and Zeides, Felix and Neeley, Matthew and Martinis, John M. and Katz, Nadav},
	month = oct,
	year = {2010},
	file = {PhysRevLett.105.177001.pdf:C:\Users\John\AppData\Roaming\Zotero\Zotero\Profiles\caeisgxx.default\zotero\storage\95D7DQBU\PhysRevLett.105.177001.pdf:application/pdf}
},

@article{simmonds_decoherence_2004,
	title = {Decoherence in Josephson Phase Qubits from Junction Resonators},
	volume = {93},
	issn = {0031-9007, 1079-7114},
	url = {http://link.aps.org/doi/10.1103/PhysRevLett.93.077003},
	doi = {10.1103/PhysRevLett.93.077003},
	number = {7},
	urldate = {2013-12-17},
	journal = {Physical Review Letters},
	author = {Simmonds, R. and Lang, K. and Hite, D. and Nam, S. and Pappas, D. and Martinis, John},
	month = aug,
	year = {2004},
	file = {PhysRevLett.93.077003.pdf:C:\Users\John\AppData\Roaming\Zotero\Zotero\Profiles\caeisgxx.default\zotero\storage\BUGGPUFI\PhysRevLett.93.077003.pdf:application/pdf}
},

@article{von_schickfus_saturation_1977,
	title = {Saturation of the dielectric absorption of vitreous silica at low temperatures},
	volume = {64},
	url = {http://www.sciencedirect.com/science/article/pii/0375960177905588},
	number = {1},
	urldate = {2013-12-17},
	journal = {Physics Letters A},
	author = {Von Schickfus, M. and Hunklinger, S.},
	year = {1977},
	pages = {144–146},
	file = {1-s2.0-0375960177905588-main.pdf:C:\Users\John\AppData\Roaming\Zotero\Zotero\Profiles\caeisgxx.default\zotero\storage\2PU6A8ST\1-s2.0-0375960177905588-main.pdf:application/pdf}
},

@article{wenner_surface_2011,
	title = {Surface loss simulations of superconducting coplanar waveguide resonators},
	volume = {99},
	issn = {00036951},
	url = {http://link.aip.org/link/APPLAB/v99/i11/p113513/s1&Agg=doi},
	doi = {10.1063/1.3637047},
	number = {11},
	urldate = {2013-12-17},
	journal = {Applied Physics Letters},
	author = {Wenner, J. and Barends, R. and Bialczak, R. C. and Chen, Yu and Kelly, J. and Lucero, Erik and Mariantoni, Matteo and Megrant, A. and {O’Malley}, P. J. J. and Sank, D. and Vainsencher, A. and Wang, H. and White, T. C. and Yin, Y. and Zhao, J. and Cleland, A. N. and Martinis, John M.},
	year = {2011},
	pages = {113513},
	file = {1.3637047.pdf:C:\Users\John\AppData\Roaming\Zotero\Zotero\Profiles\caeisgxx.default\zotero\storage\96QNHQF8\1.3637047.pdf:application/pdf}
},

@article{zagoskin_quantum_2006,
	title = {Quantum Two-Level Systems in Josephson Junctions as Naturally Formed Qubits},
	volume = {97},
	issn = {0031-9007, 1079-7114},
	url = {http://link.aps.org/doi/10.1103/PhysRevLett.97.077001},
	doi = {10.1103/PhysRevLett.97.077001},
	number = {7},
	urldate = {2013-12-17},
	journal = {Physical Review Letters},
	author = {Zagoskin, A. and Ashhab, S. and Johansson, J. and Nori, Franco},
	month = aug,
	year = {2006},
	file = {PhysRevLett.97.077001.pdf:C:\Users\John\AppData\Roaming\Zotero\Zotero\Profiles\caeisgxx.default\zotero\storage\56S2MNWZ\PhysRevLett.97.077001.pdf:application/pdf}
}