@book{wcd,
    author = "Carlin, Herbert J. and Civalleri, Pier Paolo",
    title = "Wideband Circuit Design",
    year = "1997",
    publisher = "CRC Press"
}
@ARTICLE{srft,
author={Yarman, B.S. and Carlin, H.J.},
journal={Microwave Theory and Techniques, IEEE Transactions on},
title={A Simplified "Real Frequency" Technique Applied to Broad-Band Multistage Microwave Amplifiers},
year={1982},
volume={30},
number={12},
pages={2216-2222},
keywords={Design automation;Design optimization;Equalizers;Frequency;Microwave FETs;Microwave amplifiers;Microwave theory and techniques;Network topology;Process design;Transfer functions},
doi={10.1109/TMTT.1982.1131411},
ISSN={0018-9480},
month={Dec},}
@ARTICLE{opt,
author={Carlin, H.J. and Amstutz, P.},
journal={Circuits and Systems, IEEE Transactions on},
title={On optimum broad-band matching},
year={1981},
volume={28},
number={5},
pages={401-405},
keywords={Chebyshev functions;General circuits and systems;Impedance-matching;Bandwidth;Chebyshev approximation;Counting circuits;Equalizers;Frequency;Passband;Polynomials;Termination of employment;Transducers;Transfer functions},
doi={10.1109/TCS.1981.1085001},
ISSN={0098-4094},
month={May},}
