
@book{nielsen_quantum_2013,
	address = {Cambridge [u.a.]},
	title = {Quantum computation and quantum information},
	isbn = {9781107002173 1107002176},
	language = {English},
	publisher = {Cambridge University Press},
	author = {Nielsen, Michael A and , Chuang, Isaac L},
	year = {2013},
	file = {QC10th.pdf:C:\Users\John\Dropbox\LabWork\UsefulDocs\QC10th.pdf:application/pdf}
},

@article{shannon_mathematical_2001,
	title = {A mathematical theory of communication},
	volume = {5},
	url = {http://dl.acm.org/citation.cfm?id=584093},
	number = {1},
	urldate = {2013-12-26},
	journal = {{ACM} {SIGMOBILE} Mobile Computing and Communications Review},
	author = {Shannon, Claude Elwood},
	year = {2001},
	pages = {3\-55},
	file = {shannon1948.pdf:C:\Users\John\Dropbox\LabWork\UsefulDocs\shannon1948.pdf:application/pdf}
},

@article{shor_capacities_2003,
	title = {Capacities of quantum channels and how to find them},
	volume = {97},
	url = {http://www.springerlink.com/index/EG2C16JFDL07ANT3.pdf},
	number = {1},
	urldate = {2013-12-26},
	journal = {Mathematical Programming},
	author = {Shor, Peter W.},
	year = {2003},
	pages = {311\-335},
	file = {0304102v1.pdf:C:\Users\John\Dropbox\LabWork\UsefulDocs\0304102v1.pdf:application/pdf}
}