@article {PROP:PROP771,
author = {DiVincenzo, David P.},
title = {The Physical Implementation of Quantum Computation},
journal = {Fortschritte der Physik},
volume = {48},
number = {9-11},
publisher = {WILEY-VCH Verlag Berlin GmbH},
issn = {1521-3978},
url = {http://dx.doi.org/10.1002/1521-3978(200009)48:9/11<771::AID-PROP771>3.0.CO;2-E},
doi = {10.1002/1521-3978(200009)48:9/11<771::AID-PROP771>3.0.CO;2-E},
pages = {771--783},
year = {2000},
}
