@article {DIV2000,
author = "DiVincenzo, David P.",
title = "The Physical Implementation of Quantum Computation",
journal = "Fortschritte der Physik",
volume = "48",
number = "9-11",
publisher = "WILEY-VCH Verlag Berlin GmbH",
issn = "1521-3978",
url = "http://dx.doi.org/10.1002/1521-3978(200009)48:9/11<771::AID-PROP771>3.0.CO;2-E",
doi = "10.1002/1521-3978(200009)48:9/11<771::AID-PROP771>3.0.CO;2-E",
pages = "771--783",
year = "2000",
}

@book{Ulf,
address = {Cambridge, UK},
author = {Leonhardt, Ulf},
publisher = {Cambridge UP Print},
title = {Measuring the Quantum State of Light},
year = {1997},
}

@article{Smithey,
  title = {Measurement of the Wigner distribution and the density matrix of a light mode using optical homodyne tomography: Application to squeezed states and the vacuum},
  author = {Smithey, D. T. and Beck, M. and Raymer, M. G. and Faridani, A.},
  journal = {Phys. Rev. Lett.},
  volume = {70},
  issue = {9},
  pages = {1244--1247},
  numpages = {0},
  year = {1993},
  month = {Mar},
  publisher = {American Physical Society},
  doi = {10.1103/PhysRevLett.70.1244},
  url = {http://link.aps.org/doi/10.1103/PhysRevLett.70.1244}
}	

@article{Deleglise,
annote = {10.1038/nature07288},
author = {Deleglise, Samuel and Dotsenko, Igor and Sayrin, Clement and Bernu, Julien and Brune, Michel and Raimond, Jean-Michel and Haroche, Serge},
issn = {0028-0836},
journal = {Nature},
month = sep,
number = {7212},
pages = {510--514},
publisher = {Macmillan Publishers Limited. All rights reserved},
title = {{Reconstruction of non-classical cavity field states with snapshots of their decoherence}},
url = {http://dx.doi.org/10.1038/nature07288 http://www.nature.com/nature/journal/v455/n7212/suppinfo/nature07288\_S1.html},
volume = {455},
year = {2008}
}

@article{Shalibo,
author = {Shalibo, Yoni and Resh, Roy and Fogel, Ofer and Shwa, David and Bialczak, Radoslaw and Martinis, John M and Katz, Nadav},
doi = {10.1103/PhysRevLett.110.100404},
journal = {Phys. Rev. Lett.},
month = mar,
number = {10},
pages = {100404},
publisher = {American Physical Society},
title = {{Direct Wigner Tomography of a Superconducting Anharmonic Oscillator}},
url = {http://link.aps.org/doi/10.1103/PhysRevLett.110.100404},
volume = {110},
year = {2013}
}


@article{Banaszek,
author = {Banaszek, Konrad and W\'{o}dkiewicz, Kryzysztof},
doi = {10.1103/PhysRevLett.76.4344},
journal = {Phys. Rev. Lett.},
month = jun,
number = {23},
pages = {4344--4347},
publisher = {American Physical Society},
title = {{Direct Probing of Quantum Phase Space by Photon Counting}},
url = {http://link.aps.org/doi/10.1103/PhysRevLett.76.4344},
volume = {76},
year = {1996}
}

@article{Veitch,
  title={Negative quasi-probability as a resource for quantum computation},
  author={Veitch, Victor and Ferrie, Christopher and Gross, David and Emerson, Joseph},
  journal={New Journal of Physics},
  volume={14},
  number={11},
  pages={113011},
  year={2012},
  publisher={IOP Publishing}
}

@article{Hofheinz,
annote = {10.1038/nature08005},
author = {Hofheinz, Max and Wang, H and Ansmann, M and Bialczak, Radoslaw C and Lucero, Erik and Neeley, M and O'Connell, A D and Sank, D and Wenner, J and Martinis, John M and Cleland, A N},
issn = {0028-0836},
journal = {Nature},
month = may,
number = {7246},
pages = {546--549},
publisher = {Macmillan Publishers Limited. All rights reserved},
title = {{Synthesizing arbitrary quantum states in a superconducting resonator}},
url = {http://dx.doi.org/10.1038/nature08005 http://www.nature.com/nature/journal/v459/n7246/suppinfo/nature08005\_S1.html},
volume = {459},
year = {2009}
}

