@misc{schrodinger,
Author = {Vishnu M. Bannur},
Title = {General and Stronger Uncertainty Relation},
Year = {2015},
Eprint = {arXiv:1503.00405},
}
