@article{Nyquist1928,
   doi = {10.1103/physrev.32.110},
   url = {http://dx.doi.org/10.1103/PhysRev.32.110},
   year  = {1928},
   month = {jul},
   publisher = {American Physical Society ({APS})},
   volume = {32},
   number = {1},
   pages = {110--113},
   author = {H. Nyquist},
   title = {Thermal Agitation of Electric Charge in
   Conductors},
   journal = {Phys. Rev.}
}

@article{Ithier2005,
  title = {Decoherence in a superconducting quantum bit circuit},
  author = {Ithier, G. and Collin, E. and Joyez, P. and Meeson, P. J. and Vion, D. and Esteve, D. and Chiarello, F. and Shnirman, A. and Makhlin, Y. and Schriefl, J. and Sch\"on, G.},
  journal = {Phys. Rev. B},
  volume = {72},
  issue = {13},
  pages = {134519},
  numpages = {22},
  year = {2005},
  month = {Oct},
  publisher = {American Physical Society},
  doi = {10.1103/PhysRevB.72.134519},
  url = {http://link.aps.org/doi/10.1103/PhysRevB.72.134519}
}

@misc{Wilhelm2006,
Author = {F. K. Wilhelm and M. J. Storcz and U. Hartmann and M. R. Geller},
Title = {Superconducting qubits II: Decoherence},
Year = {2006},
Eprint = {arXiv:cond-mat/0603637},
}

@misc{Goddard2010,
Author = {Goddard},
Title = {Quantum Decoherence and the Spin-Boson Model}
}

@book{Nielsen2011,
  Author = {Michael A. Nielsen and Isaac L. Chuang},
  Title = {Quantum Computation and Quantum Information: 10th Anniversary Edition},
  Publisher = {Cambridge University Press},
  Year = {2011},
  ISBN = {1107002176},
  URL = {http://www.amazon.com/Quantum-Computation-Information-10th-Anniversary/dp/1107002176%3FSubscriptionId%3D0JYN1NVW651KCA56C102%26tag%3Dtechkie-20%26linkCode%3Dxm2%26camp%3D2025%26creative%3D165953%26creativeASIN%3D1107002176}
}

@phdthesis{Bishop2010,
  author       = {Lev Samuel Bishop},
  title        = {Circuit Quantum Electrodynamics},
  school       = {Yale University},
  year         = 2010,
  address      = {http://www.levibishop.org},
  month        = 5
}

@article{Callen1951,
  title = {Irreversibility and Generalized Noise},
  author = {Callen, Herbert B. and Welton, Theodore A.},
  journal = {Phys. Rev.},
  volume = {83},
  issue = {1},
  pages = {34--40},
  numpages = {0},
  year = {1951},
  month = {Jul},
  publisher = {American Physical Society},
  doi = {10.1103/PhysRev.83.34},
  url = {http://link.aps.org/doi/10.1103/PhysRev.83.34}
}
