@book{bookVolakis,
author={Volakis,J.L and Chen,C. and Fujimoto,K.},
title={Small antennas 
miniaturization techniques and applications
},
publisher={McGraw-Hill Prof Med/Tech},
year={2010},
edition={1st}
}
%-----------------
@book{bookHansen,
author={Hansen,R.C},
title={Small, Superdirective, and Superconductive and Superconductive
Antennas},
publisher = {Wiley},
address = {Piscataway, NJ},
year = {2006}
}
